<record><leader>00000cas a22000007a 4500</leader><controlfield tag="001">10864881</controlfield><controlfield tag="008">840620d18721881iauwr ne      0    0eng d</controlfield><datafield ind1=" " ind2=" " tag="010"><subfield code="a">sn 84027084 </subfield></datafield><datafield ind1=" " ind2=" " tag="040"><subfield code="a">NPU</subfield><subfield code="b">eng</subfield><subfield code="c">NPU</subfield><subfield code="d">NPX</subfield><subfield code="d">INP</subfield><subfield code="d">OCLCQ</subfield></datafield><datafield ind1=" " ind2=" " tag="042"><subfield code="a">msc</subfield></datafield><datafield ind1="0" ind2=" " tag="130"><subfield code="a">Wayne County news (Corydon, Iowa)</subfield></datafield><datafield ind1="1" ind2="0" tag="245"><subfield code="a">Wayne County news.</subfield></datafield><datafield ind1="3" ind2="0" tag="246"><subfield code="a">News</subfield></datafield><datafield ind1=" " ind2=" " tag="260"><subfield code="a">Corydon, Iowa :</subfield><subfield code="b">Belvel &amp; Whittaker</subfield></datafield><datafield ind1=" " ind2=" " tag="300"><subfield code="a">v. :</subfield><subfield code="b">ill. ;</subfield><subfield code="c">51-71 cm.</subfield></datafield><datafield ind1=" " ind2=" " tag="310"><subfield code="a">Weekly</subfield></datafield><datafield ind1="1" ind2=" " tag="362"><subfield code="a">Began with Oct. 3, 1872 issue; ceased in May 1881.</subfield><subfield code="z">Cf. Bibl. of Iowa newspapers.</subfield></datafield><datafield ind1=" " ind2=" " tag="500"><subfield code="a">Sometimes published as: News. Cf. bibliography of Iowa newspapers.</subfield></datafield><datafield ind1=" " ind2=" " tag="500"><subfield code="a">Published in Allerton, Iowa, July 1875-1879?, 1881. Cf. bibliography of Iowa newspapers.</subfield></datafield><datafield ind1=" " ind2=" " tag="500"><subfield code="a">Publisher: H.M. Belvel, &lt;1876&gt;.</subfield></datafield><datafield ind1=" " ind2=" " tag="500"><subfield code="a">"Democratic," &lt;1876&gt;.</subfield></datafield><datafield ind1=" " ind2=" " tag="588"><subfield code="a">Description based on: Vol. 1, no. 35 (May 29, 1873).</subfield></datafield><datafield ind1=" " ind2=" " tag="752"><subfield code="a">United States</subfield><subfield code="b">Iowa</subfield><subfield code="c">Wayne</subfield><subfield code="d">Allerton.</subfield></datafield><datafield ind1=" " ind2=" " tag="752"><subfield code="a">United States</subfield><subfield code="b">Iowa</subfield><subfield code="c">Wayne</subfield><subfield code="d">Corydon.</subfield></datafield><datafield ind1="0" ind2=" " tag="775"><subfield code="t">Wayne County daily news</subfield><subfield code="w">(DLC)sn 87057285</subfield><subfield code="g">&lt;Sept. 17, 1874&gt;</subfield></datafield><datafield ind1="0" ind2="0" tag="780"><subfield code="t">Wayne County liberal</subfield></datafield><datafield ind1="0" ind2="0" tag="785"><subfield code="t">Allerton news</subfield><subfield code="w">(DLC)sn 87057080</subfield></datafield><datafield ind1="1" ind2=" " tag="029"><subfield code="a">AU@</subfield><subfield code="b">000025787340</subfield></datafield></record>